Automatically generated by Mendeley Desktop 1.17.10
Any changes to this file will be lost if it is regenerated by Mendeley.

BibTeX export options can be customized via Options -> BibTeX in Mendeley Desktop

@misc{qdraw,
    author = {Google},
    title = {{Quick Draw}},
    url = {https://quickdraw.withgoogle.com/data},
    year = {2017}
}
